@article{abbasi2011improved,
  title={Improved algorithms for linear stochastic bandits},
  author={Abbasi-Yadkori, Yasin and P{\'a}l, D{\'a}vid and Szepesv{\'a}ri, Csaba},
  journal={Advances in neural information processing systems},
  volume={24},
  year={2011}
}

@inproceedings{wang2016learning,
  title={Learning hidden features for contextual bandits},
  author={Wang, Huazheng and Wu, Qingyun and Wang, Hongning},
  booktitle={CIKM},
  pages={1633--1642},
  year={2016}
}